<record><leader>00000cas a2200000 a 4500</leader><controlfield tag="001">15901757</controlfield><controlfield tag="008">870611d1902194uiludn ne      0   a0eng c</controlfield><datafield ind1=" " ind2=" " tag="010"><subfield code="a">sn 87082808 </subfield></datafield><datafield ind1=" " ind2=" " tag="040"><subfield code="a">NPV</subfield><subfield code="b">eng</subfield><subfield code="c">NPV</subfield><subfield code="d">NVF</subfield><subfield code="d">OCLCF</subfield><subfield code="d">NVF</subfield><subfield code="d">OCLCO</subfield></datafield><datafield ind1="1" ind2=" " tag="029"><subfield code="a">AU@</subfield><subfield code="b">000020473884</subfield></datafield><datafield ind1=" " ind2=" " tag="042"><subfield code="a">pcc</subfield></datafield><datafield ind1=" " ind2=" " tag="043"><subfield code="a">n-us-il</subfield></datafield><datafield ind1="0" ind2="4" tag="245"><subfield code="a">The Marion evening post.</subfield></datafield><datafield ind1=" " ind2=" " tag="260"><subfield code="a">Marion, Ill. :</subfield><subfield code="b">Casey &amp; Felts</subfield></datafield><datafield ind1=" " ind2=" " tag="300"><subfield code="a">v.</subfield></datafield><datafield ind1=" " ind2=" " tag="310"><subfield code="a">Daily (except Sunday)</subfield></datafield><datafield ind1="1" ind2=" " tag="362"><subfield code="a">Began in 1902?</subfield></datafield><datafield ind1=" " ind2=" " tag="515"><subfield code="a">Issue numbering irregular: occasional numbers repeated.</subfield></datafield><datafield ind1=" " ind2=" " tag="515"><subfield code="a">Issue for vol. 24 begins with no. 47 (June 25, 1925).</subfield></datafield><datafield ind1=" " ind2=" " tag="530"><subfield code="a">Preservation microfilmed by the University of Illinois at Urbana-Champaign Library as part of the United States Newspaper Program; the years 1925-1926 (on 3 microfilm reels) are available for purchase from OCLC Preservation Service Centers.</subfield></datafield><datafield ind1=" " ind2=" " tag="580"><subfield code="a">Semiweekly ed.: Twice-a-week Egyptian press, &lt;1912-1914&gt;</subfield></datafield><datafield ind1=" " ind2=" " tag="588"><subfield code="a">Description based on: Vol. 4, no. 274 (Dec. 9, 1905).</subfield></datafield><datafield ind1=" " ind2=" " tag="588"><subfield code="a">Latest issue consulted: Aug. 1, 1941.</subfield></datafield><datafield ind1=" " ind2="0" tag="651"><subfield code="a">Marion (Ill.)</subfield><subfield code="v">Newspapers.</subfield></datafield><datafield ind1=" " ind2="0" tag="651"><subfield code="a">Williamson County (Ill.)</subfield><subfield code="v">Newspapers.</subfield></datafield><datafield ind1=" " ind2="7" tag="651"><subfield code="a">Illinois</subfield><subfield code="z">Marion.</subfield><subfield code="2">fast</subfield><subfield code="0">(OCoLC)fst01218979</subfield></datafield><datafield ind1=" " ind2="7" tag="651"><subfield code="a">Illinois</subfield><subfield code="z">Williamson County.</subfield><subfield code="2">fast</subfield><subfield code="0">(OCoLC)fst01214871</subfield></datafield><datafield ind1=" " ind2="7" tag="655"><subfield code="a">Newspapers.</subfield><subfield code="2">fast</subfield><subfield code="0">(OCoLC)fst01423814</subfield></datafield><datafield ind1=" " ind2=" " tag="752"><subfield code="a">United States</subfield><subfield code="b">Illinois</subfield><subfield code="c">Williamson</subfield><subfield code="d">Marion.</subfield></datafield><datafield ind1="1" ind2=" " tag="775"><subfield code="t">Twice-a-week Egyptian press</subfield><subfield code="w">(DLC)sn 93055625</subfield><subfield code="w">(OCoLC)27689345</subfield></datafield><datafield ind1="0" ind2="0" tag="785"><subfield code="t">Marion post</subfield><subfield code="w">(DLC)sn 93055626</subfield><subfield code="w">(OCoLC)27690510</subfield></datafield></record>